<record><leader>00000cas a22000007a 4500</leader><controlfield tag="001">21214637</controlfield><controlfield tag="008">900314d18821901maudn ne      0    0eng d</controlfield><datafield ind1=" " ind2=" " tag="010"><subfield code="a">sn 89062313 </subfield></datafield><datafield ind1=" " ind2=" " tag="040"><subfield code="a">MGN</subfield><subfield code="b">eng</subfield><subfield code="c">MGN</subfield><subfield code="d">OCLCQ</subfield></datafield><datafield ind1="0" ind2="0" tag="245"><subfield code="a">Lowell morning mail.</subfield></datafield><datafield ind1=" " ind2=" " tag="260"><subfield code="a">Lowell, Mass. :</subfield><subfield code="b">[s.n.]</subfield></datafield><datafield ind1=" " ind2=" " tag="300"><subfield code="a">v.</subfield></datafield><datafield ind1=" " ind2=" " tag="310"><subfield code="a">Daily (except Sun.)</subfield></datafield><datafield ind1="0" ind2=" " tag="362"><subfield code="a">Vol. 7, no. 95 (Oct. 16, 1882)-v. 46, no. 145 (June 15, 1901).</subfield></datafield><datafield ind1=" " ind2=" " tag="580"><subfield code="a">Evening ed.: Lowell evening mail, 1890-</subfield></datafield><datafield ind1=" " ind2=" " tag="752"><subfield code="a">United States</subfield><subfield code="b">Massachusetts</subfield><subfield code="c">Middlesex</subfield><subfield code="d">Lowell.</subfield></datafield><datafield ind1="1" ind2=" " tag="775"><subfield code="t">Lowell evening mail (Lowell, Mass. : 1890)</subfield><subfield code="w">(DLC)sn 89062310</subfield></datafield><datafield ind1="0" ind2="0" tag="780"><subfield code="t">Morning mail (Lowell, Mass.)</subfield><subfield code="w">(DLC)sn 89062312</subfield></datafield><datafield ind1="0" ind2="0" tag="785"><subfield code="t">Lowell daily mail</subfield><subfield code="w">(DLC)sn 89062314</subfield></datafield></record>